@article{bose.dujmovic.ea:robust,
  author    = {Prosenjit Bose and
               Vida Dujmovi{\'c} and
               Pat Morin and
               Michiel H. M. Smid},
  title     = {Robust Geometric Spanners},
  journal   = {{SIAM} J. Comput.},
  volume    = {42},
  number    = {4},
  pages     = {1720--1736},
  year      = {2013},
  url       = {https://doi.org/10.1137/120874473},
  doi       = {10.1137/120874473},
  timestamp = {Sat, 27 May 2017 14:22:59 +0200},
  biburl    = {https://dblp.org/rec/bib/journals/siamcomp/BoseDMS13},
  bibsource = {dblp computer science bibliography, https://dblp.org}
}


@article{buchin.hulshof.olah:robust,
  author    = {Kevin Buchin and
               Tim Hulshof and
               D{\'{a}}niel Ol{\'{a}}h},
  title     = {$\mathcal{O}(k)$-robust spanners in one dimension},
  journal   = {CoRR},
  volume    = {abs/1803.08719},
  year      = {2018},
  url       = {http://arxiv.org/abs/1803.08719},
  archivePrefix = {arXiv},
  eprint    = {1803.08719},
  timestamp = {Mon, 13 Aug 2018 16:47:10 +0200},
  biburl    = {https://dblp.org/rec/bib/journals/corr/abs-1803-08719},
  bibsource = {dblp computer science bibliography, https://dblp.org}
}


@article{buchin.har-peled.ea:spanner,
  author    = {Kevin Buchin and
               Sariel Har-Peled and
               D{\'{a}}niel Ol{\'{a}}h},
  title     = {A Spanner for the Day After},
  journal   = {CoRR},
  volume    = {abs/1811.06898},
  year      = {2018},
  url       = {http://arxiv.org/abs/1811.06898},
  archivePrefix = {arXiv},
  eprint    = {1803.08719},
  biburl    = {https://dblp.org/rec/bib/journals/corr/abs-1803-08719},
  bibsource = {dblp computer science bibliography, https://dblp.org}
}



@article{abam.carmi.ea:on,
  author    = {Mohammad Ali Abam and
               Paz Carmi and
               Mohammad Farshi and
               Michiel H. M. Smid},
  title     = {On the power of the semi-separated pair decomposition},
  journal   = {Comput. Geom.},
  volume    = {46},
  number    = {6},
  pages     = {631--639},
  year      = {2013},
  url       = {https://doi.org/10.1016/j.comgeo.2013.02.003},
  doi       = {10.1016/j.comgeo.2013.02.003},
  timestamp = {Sat, 20 May 2017 00:25:27 +0200},
  biburl    = {https://dblp.org/rec/bib/journals/comgeo/AbamCFS13},
  bibsource = {dblp computer science bibliography, https://dblp.org}
}

@article{abam.deberg.ea:region,
  author    = {Mohammad Ali Abam and
               Mark de Berg and
               Mohammad Farshi and
               Joachim Gudmundsson},
  title     = {Region-Fault Tolerant Geometric Spanners},
  journal   = {Discrete {\&} Computational Geometry},
  volume    = {41},
  number    = {4},
  pages     = {556--582},
  year      = {2009},
  url       = {https://doi.org/10.1007/s00454-009-9137-7},
  doi       = {10.1007/s00454-009-9137-7},
  timestamp = {Tue, 26 Jun 2018 14:09:51 +0200},
  biburl    = {https://dblp.org/rec/bib/journals/dcg/AbamBFG09},
  bibsource = {dblp computer science bibliography, https://dblp.org}
}

@article{abam.deberg.ea:geometric,
  author    = {Mohammad Ali Abam and
               Mark de Berg and
               Mohammad Farshi and
               Joachim Gudmundsson and
               Michiel H. M. Smid},
  title     = {Geometric Spanners for Weighted Point Sets},
  journal   = {Algorithmica},
  volume    = {61},
  number    = {1},
  pages     = {207--225},
  year      = {2011},
  url       = {https://doi.org/10.1007/s00453-010-9465-2},
  doi       = {10.1007/s00453-010-9465-2},
  timestamp = {Tue, 26 Jun 2018 14:10:25 +0200},
  biburl    = {https://dblp.org/rec/bib/journals/algorithmica/AbamBFGS11},
  bibsource = {dblp computer science bibliography, https://dblp.org}
}

@article{hoory.linial.ea:expanders,
  title = {Expander graphs and their applications},
  author = {Shlomo Hoory and Nathan Linial and Avi Wigderson},
  journal = {Bulletin of the American Mathematical Society},
  volume = {43},
  year = {2006},
  pages = {439--561},
  doi = {10.1090/S0273-0979-06-01126-8}
} 


@article{callahan.kosaraju:decomposition,
  author    = {Paul B. Callahan and
               S. Rao Kosaraju},
  title     = {A Decomposition of Multidimensional Point Sets with Applications to
               k-Nearest-Neighbors and n-Body Potential Fields},
  journal   = {J. {ACM}},
  volume    = {42},
  number    = {1},
  pages     = {67--90},
  year      = {1995}
}

@phdthesis{callahan:dealing,
  author    = {Paul B. Callahan},
  title     = {Dealing with Higher Dimensions: The Well-Separated Pair Decomposition and Its Applications},
  institution = {Johns Hopkins University},
  address   = {Baltimore, Maryland, USA},
  year      = {1995}
}

